% Encoding: UTF-8

@online{cppreference,
  author = {cppreference.com},
  title = {C++ Language History},
  year = {2023},
  url = {https://en.cppreference.com/w/cpp/language/history},
  note = {Accessed: 2023-10-01}
}

@online{learncpp,
  author = {LearnCpp.com},
  title = {Learn C++},
  year = {2023},
  url = {https://www.learncpp.com/},
  note = {Accessed: 2023-10-01}
}

@book{Horton2018,
  author = {Ivor Horton and Peter Van Weert},
  title = {Beginning C++17: From Novice to Professional},
  year = {2018},
  publisher = {Apress},
  address = {New York, NY, USA}
}

@book{Nesteruk2018,
  author = {Dmitri Nesteruk},
  title = {Design Patterns in Modern C++},
  year = {2018},
  publisher = {Packt Publishing},
  address = {Birmingham, UK}
}

@book{Gregoire2018,
  author = {Marc Gregoire},
  title = {Professional C++},
  year = {2018},
  publisher = {Wiley},
  address = {Hoboken, NJ, USA}
}

@online{codewithc,
  author = {CodeWithC.com},
  title = {C++: Who Invented It? The Person Behind the Language},
  year = {2023},
  url = {https://www.codewithc.com/c-who-invented-it-the-person-behind-the-language/},
  note = {Accessed: 2023-10-01}
}

@online{stroustrup,
  author = {Bjarne Stroustrup},
  title = {A History of C++: 1979-1991},
  year = {1991},
  url = {https://www.stroustrup.com/hopl2.pdf},
  note = {Accessed: 2023-10-01}
}

@online{geeksforgeeks_cpp_csharp,
  author    = {GeeksforGeeks},
  title     = {C++ vs C\#},
  year      = {2024},
  url       = {https://www.geeksforgeeks.org/c-vs-c-sharp/},
  note      = {Accessed: 2024-03-08}
}

@Comment{jabref-meta: databaseType:biblatex;}
